%% This BibTeX bibliography file was created using BibDesk.
%% http://bibdesk.sourceforge.net/


%% Created for Chao LU at 2011-07-26 23:42:40 -0400


%% Saved with string encoding Unicode (UTF-8)



@article{Drake2007Multiplet,
	Author = {G. W. F. Drake and Donald C. Morton},
	Journal = {The Astrophysical Journal Supplement Series},
	Month = {May},
	Pages = {170:251-260},
	Title = {{A Multiplet Table For Neutral Helium (4He I) With Transition Rates}},
	Year = {2007},
       	Keywords = {Reference/},
	Bdsk-File-1 = {YnBsaXN0MDDUAQIDBAUIJidUJHRvcFgkb2JqZWN0c1gkdmVyc2lvblkkYXJjaGl2ZXLRBgdUcm9vdIABqAkKFRYXGyIjVSRudWxs0wsMDQ4RFFpOUy5vYmplY3RzV05TLmtleXNWJGNsYXNzog8QgASABqISE4ACgAOAB1lhbGlhc0RhdGFccmVsYXRpdmVQYXRo0hgNGRpXTlMuZGF0YU8RAloAAAAAAloAAgAABERBVEEAAAAAAAAAAAAAAAAAAAAAAAAAAAAAAMn3hBJIKwAAAAboMx9EcmFrZS5HX0EgTXVsdGlwbGV0ICMxNEUzOTQucGRmAAAAAAAAAAAAAAAAAAAAAAAAAAAAAAAAAAAAAAAAAAAAFOOUylTqJAAAAAAAAAAAAAEAAgAACQAAAAAAAAAAAAAAAAAAAAAQUFUuTWFzdGVyLlRoZXNpcwAQAAgAAMn3vFIAAAARAAgAAMpVImQAAAABAAwABugzAAa19wAGte4AAgBHREFUQTpEcm9wYm94OkVkdWNhdGlvbjpQVS5NYXN0ZXIuVGhlc2lzOkRyYWtlLkdfQSBNdWx0aXBsZXQgIzE0RTM5NC5wZGYAAA4AngBOAEQAcgBhAGsAZQAuAEcAXwBBACAATQB1AGwAdABpAHAAbABlAHQAIABUAGEAYgBsAGUAIABGAG8AcgAgAE4AZQB1AHQAcgBhAGwAIABIAGUAbABpAHUAbQAgACgANABIAGUAIABJACkAIABXAGkAdABoACAAVAByAGEAbgBzAGkAdABpAG8AbgAgAFIAYQB0AGUAcwAuAHAAZABmAA8ACgAEAEQAQQBUAEEAEgByL0Ryb3Bib3gvRWR1Y2F0aW9uL1BVLk1hc3Rlci5UaGVzaXMvRHJha2UuR19BIE11bHRpcGxldCBUYWJsZSBGb3IgTmV1dHJhbCBIZWxpdW0gKDRIZSBJKSBXaXRoIFRyYW5zaXRpb24gUmF0ZXMucGRmABMADS9Wb2x1bWVzL0RBVEEA//8AAIAF0hwdHh9YJGNsYXNzZXNaJGNsYXNzbmFtZaMfICFdTlNNdXRhYmxlRGF0YVZOU0RhdGFYTlNPYmplY3RfEE5EcmFrZS5HX0EgTXVsdGlwbGV0IFRhYmxlIEZvciBOZXV0cmFsIEhlbGl1bSAoNEhlIEkpIFdpdGggVHJhbnNpdGlvbiBSYXRlcy5wZGbSHB0kJaIlIVxOU0RpY3Rpb25hcnkSAAGGoF8QD05TS2V5ZWRBcmNoaXZlcgAIABEAFgAfACgAMgA1ADoAPABFAEsAUgBdAGUAbABvAHEAcwB2AHgAegB8AIYAkwCYAKAC/gMAAwUDDgMZAx0DKwMyAzsDjAORA5QDoQOmAAAAAAAAAgEAAAAAAAAAKAAAAAAAAAAAAAAAAAAAA7g=}}
